
@misc{ref:rackspaceMain,
	title = {Open Cloud Computing, Managed Hosting, Dedicated Server Hosting by Rackspace},
	url = {http://www.rackspace.com/},
	abstract = {More than 205,000 businesses trust Rackspace, the open cloud company. Get cloud, managed and hybrid hosting all backed by Fanatical Support.},
	urldate = {2013-05-09}
}

